@book{IntroStat,
  title="{Introduktion til Statistik}. ({Danish})
		[Introduction to Statistics]",
  author="Ditlevsen, Susanne and SÃ¸rensen, Helle",
  year="2018",
  edition="5th",
  isbn="978-87-7078-882-3"
}

@inbook{NRHNoter,
  title="{Matematisk Statistik - Supplerende Noter}. ({Danish})
		[Mathematical Statistics - Supplementary notes]",
  author="Hansen, Niels Richard",
  year="2021"
 }


@book{EHBind2,
  title="Basic Mathematical Statistics",
  author="Lauritzen, Steffen",
  year="2021",
  isbn="978-87-7125-075-6"
}

@book{BMS,
  title="{Introduktion til Matematisk Statistik}. ({Danish})
		[Introduction to Mathematical Statistics]",
  author="Wickham, Hadley and Grolemund, Garrett",
  year="2012",
  edition="3rd",
  volume="2",
  isbn="978-87-70782-08-1"
}

@book{R4DS,
  title="R for Data Science",
   author="Wickham, Hadley and Grolemund, Garrett",
  publisher="O'Reilly",
  year="2017",
  month="January"
}
